@article{hafiz2016,
  title={Doppler-free spectroscopy on the Cs D 1 line with a dual-frequency laser},
  author={Hafiz, Moustafa Abdel and Coget, Gr{\'e}goire and De Clercq, Emeric and Boudot, Rodolphe},
  journal={Optics letters},
  volume={41},
  number={13},
  pages={2982--2985},
  year={2016},
  publisher={Optica Publishing Group}
}

@article{hafiz2017,
  title={High-contrast sub-Doppler absorption spikes in a hot atomic vapor cell exposed to a dual-frequency laser field},
  author={Hafiz, Moustafa Abdel and Brazhnikov, Denis and Coget, Gr{\'e}goire and Taichenachev, Alexei and Yudin, Valeriy and De Clercq, Emeric and Boudot, Rodolphe},
  journal={New Journal of Physics},
  volume={19},
  number={7},
  pages={073028},
  year={2017},
  publisher={IOP Publishing}
}

@incollection{Arimondo1996,
  title={V coherent population trapping in laser spectroscopy},
  author={Arimondo, Ennio},
  booktitle={Progress in optics},
  volume={35},
  pages={257--354},
  year={1996},
  publisher={Elsevier}
}

@article{Smirnov1989,
  title={AM Tuma kin, and VI Yudin, Zh. {\'E} ksp. Teor. Fiz. 96, 1613 1989 Sov. Phys},
  author={Smirnov, VS},
  journal={JETP},
  volume={69},
  pages={913},
  year={1989}
}